<record><leader>00000cas a22000007a 4500</leader><controlfield tag="001">21261169</controlfield><controlfield tag="008">900323u1925uuuumauwr ne      0    0por d</controlfield><datafield ind1=" " ind2=" " tag="010"><subfield code="a">sn 90065036 </subfield></datafield><datafield ind1=" " ind2=" " tag="040"><subfield code="a">YOX</subfield><subfield code="b">eng</subfield><subfield code="c">YOX</subfield><subfield code="d">OCLCQ</subfield><subfield code="d">OCLCF</subfield><subfield code="d">OCLCO</subfield></datafield><datafield ind1=" " ind2=" " tag="042"><subfield code="a">msc</subfield></datafield><datafield ind1=" " ind2=" " tag="043"><subfield code="a">n-us---</subfield><subfield code="a">n-us-ma</subfield></datafield><datafield ind1="0" ind2=" " tag="130"><subfield code="a">Colonial (Fairhaven, Mass.)</subfield></datafield><datafield ind1="1" ind2="2" tag="245"><subfield code="a">O Colonial.</subfield></datafield><datafield ind1=" " ind2=" " tag="260"><subfield code="a">Fairhaven, Mass. :</subfield><subfield code="b">Frederico A. Costa</subfield></datafield><datafield ind1=" " ind2=" " tag="300"><subfield code="a">v.</subfield></datafield><datafield ind1=" " ind2=" " tag="310"><subfield code="a">Weekly,</subfield><subfield code="b">Oct. 27, 1939-&lt;May 25, 1945&gt;</subfield></datafield><datafield ind1=" " ind2=" " tag="321"><subfield code="a">Weekly,</subfield><subfield code="b">&lt;Dec. 22, 1931&gt;-June 23, 1939</subfield></datafield><datafield ind1=" " ind2=" " tag="321"><subfield code="a">Irregular,</subfield><subfield code="b">July 7, 1939-Oct. 23, 1939</subfield></datafield><datafield ind1="1" ind2=" " tag="362"><subfield code="a">Began Dec. 3, 1925.</subfield></datafield><datafield ind1=" " ind2=" " tag="500"><subfield code="a">"The only Portuguese weekly printed in Greater New Bedford," Mar. 17, 1933-Aug. 30, 1940.</subfield></datafield><datafield ind1=" " ind2=" " tag="546"><subfield code="a">In Portuguese &lt;1931&gt;-1939; In Portuguese with articles in English, 1940-&lt;May 25, 1945&gt;.</subfield></datafield><datafield ind1=" " ind2=" " tag="588"><subfield code="a">Description based on: 7 ano, no. 243 (22 de dez. de 1931).</subfield></datafield><datafield ind1=" " ind2="0" tag="650"><subfield code="a">Portuguese</subfield><subfield code="z">United States</subfield><subfield code="v">Newspapers.</subfield></datafield><datafield ind1=" " ind2="0" tag="650"><subfield code="a">Portuguese Americans</subfield><subfield code="v">Newspapers.</subfield></datafield><datafield ind1=" " ind2="0" tag="651"><subfield code="a">Fairhaven (Mass.)</subfield><subfield code="v">Newspapers.</subfield></datafield><datafield ind1=" " ind2="7" tag="655"><subfield code="a">Newspapers.</subfield><subfield code="2">fast</subfield><subfield code="0">(OCoLC)fst01423814</subfield></datafield><datafield ind1=" " ind2="7" tag="650"><subfield code="a">Portuguese.</subfield><subfield code="2">fast</subfield><subfield code="0">(OCoLC)fst01072400</subfield></datafield><datafield ind1=" " ind2="7" tag="650"><subfield code="a">Portuguese Americans.</subfield><subfield code="2">fast</subfield><subfield code="0">(OCoLC)fst01072420</subfield></datafield><datafield ind1=" " ind2="7" tag="651"><subfield code="a">Massachusetts</subfield><subfield code="z">Fairhaven.</subfield><subfield code="2">fast</subfield><subfield code="0">(OCoLC)fst01226969</subfield></datafield><datafield ind1=" " ind2="7" tag="651"><subfield code="a">United States.</subfield><subfield code="2">fast</subfield><subfield code="0">(OCoLC)fst01204155</subfield></datafield><datafield ind1=" " ind2=" " tag="752"><subfield code="a">United States</subfield><subfield code="b">Massachusetts</subfield><subfield code="c">Bristol</subfield><subfield code="d">Fairhaven.</subfield></datafield></record>